%YAML 1.1
%TAG !u! tag:unity3d.com,2011:
--- !u!1 &5432843929805960202
GameObject:
  m_ObjectHideFlags: 0
  m_CorrespondingSourceObject: {fileID: 0}
  m_PrefabInstance: {fileID: 0}
  m_PrefabAsset: {fileID: 0}
  serializedVersion: 6
  m_Component:
  - component: {fileID: 5432843929805960203}
  m_Layer: 0
  m_Name: Walls
  m_TagString: Untagged
  m_Icon: {fileID: 0}
  m_NavMeshLayer: 0
  m_StaticEditorFlags: 0
  m_IsActive: 1
--- !u!4 &5432843929805960203
Transform:
  m_ObjectHideFlags: 0
  m_CorrespondingSourceObject: {fileID: 0}
  m_PrefabInstance: {fileID: 0}
  m_PrefabAsset: {fileID: 0}
  m_GameObject: {fileID: 5432843929805960202}
  m_LocalRotation: {x: 0, y: 0, z: 0, w: 1}
  m_LocalPosition: {x: 4.473277, y: 10.177952, z: 70.880066}
  m_LocalScale: {x: 1, y: 1, z: 1}
  m_Children:
  - {fileID: 5432843931743080541}
  - {fileID: 5432843930094423517}
  - {fileID: 5432843930196016857}
  m_Father: {fileID: 0}
  m_RootOrder: 0
  m_LocalEulerAnglesHint: {x: 0, y: 0, z: 0}
--- !u!1 &5432843930094423516
GameObject:
  m_ObjectHideFlags: 0
  m_CorrespondingSourceObject: {fileID: 0}
  m_PrefabInstance: {fileID: 0}
  m_PrefabAsset: {fileID: 0}
  serializedVersion: 6
  m_Component:
  - component: {fileID: 5432843930094423517}
  m_Layer: 0
  m_Name: Wall_Left
  m_TagString: Untagged
  m_Icon: {fileID: 0}
  m_NavMeshLayer: 0
  m_StaticEditorFlags: 0
  m_IsActive: 1
--- !u!4 &5432843930094423517
Transform:
  m_ObjectHideFlags: 0
  m_CorrespondingSourceObject: {fileID: 0}
  m_PrefabInstance: {fileID: 0}
  m_PrefabAsset: {fileID: 0}
  m_GameObject: {fileID: 5432843930094423516}
  m_LocalRotation: {x: -0, y: -0, z: -0, w: 1}
  m_LocalPosition: {x: -11.491752, y: 4.9924707, z: -4.4306564}
  m_LocalScale: {x: 1, y: 1, z: 1}
  m_Children:
  - {fileID: 5543913242005746629}
  - {fileID: 5543913240135785894}
  - {fileID: 5543913241491673216}
  - {fileID: 5543913241522190382}
  - {fileID: 5543913240115997259}
  - {fileID: 5543913241390096687}
  m_Father: {fileID: 5432843929805960203}
  m_RootOrder: 1
  m_LocalEulerAnglesHint: {x: 0, y: 0, z: 0}
--- !u!1 &5432843930196016856
GameObject:
  m_ObjectHideFlags: 0
  m_CorrespondingSourceObject: {fileID: 0}
  m_PrefabInstance: {fileID: 0}
  m_PrefabAsset: {fileID: 0}
  serializedVersion: 6
  m_Component:
  - component: {fileID: 5432843930196016857}
  m_Layer: 0
  m_Name: Wall_Right
  m_TagString: Untagged
  m_Icon: {fileID: 0}
  m_NavMeshLayer: 0
  m_StaticEditorFlags: 0
  m_IsActive: 1
--- !u!4 &5432843930196016857
Transform:
  m_ObjectHideFlags: 0
  m_CorrespondingSourceObject: {fileID: 0}
  m_PrefabInstance: {fileID: 0}
  m_PrefabAsset: {fileID: 0}
  m_GameObject: {fileID: 5432843930196016856}
  m_LocalRotation: {x: -0, y: -0, z: -0, w: 1}
  m_LocalPosition: {x: -11.491752, y: 4.9924707, z: -4.4306564}
  m_LocalScale: {x: 1, y: 1, z: 1}
  m_Children:
  - {fileID: 5543913241850575219}
  - {fileID: 5543913241074139106}
  - {fileID: 5543913240990230618}
  - {fileID: 5543913240639106096}
  - {fileID: 5543913241739712700}
  - {fileID: 5543913240520382778}
  m_Father: {fileID: 5432843929805960203}
  m_RootOrder: 2
  m_LocalEulerAnglesHint: {x: 0, y: 0, z: 0}
--- !u!1 &5432843931743080540
GameObject:
  m_ObjectHideFlags: 0
  m_CorrespondingSourceObject: {fileID: 0}
  m_PrefabInstance: {fileID: 0}
  m_PrefabAsset: {fileID: 0}
  serializedVersion: 6
  m_Component:
  - component: {fileID: 5432843931743080541}
  m_Layer: 0
  m_Name: Wall_Back
  m_TagString: Untagged
  m_Icon: {fileID: 0}
  m_NavMeshLayer: 0
  m_StaticEditorFlags: 0
  m_IsActive: 1
--- !u!4 &5432843931743080541
Transform:
  m_ObjectHideFlags: 0
  m_CorrespondingSourceObject: {fileID: 0}
  m_PrefabInstance: {fileID: 0}
  m_PrefabAsset: {fileID: 0}
  m_GameObject: {fileID: 5432843931743080540}
  m_LocalRotation: {x: -0, y: -0, z: -0, w: 1}
  m_LocalPosition: {x: 3.4898157, y: 5.4955378, z: 3.8949585}
  m_LocalScale: {x: 1, y: 1, z: 1}
  m_Children:
  - {fileID: 5543913240935140700}
  - {fileID: 5543913240630857015}
  - {fileID: 5543913241224934999}
  m_Father: {fileID: 5432843929805960203}
  m_RootOrder: 0
  m_LocalEulerAnglesHint: {x: 0, y: 0, z: 0}
--- !u!1001 &5432843929633117230
PrefabInstance:
  m_ObjectHideFlags: 0
  serializedVersion: 2
  m_Modification:
    m_TransformParent: {fileID: 5432843930094423517}
    m_Modifications:
    - target: {fileID: -8679921383154817045, guid: 709a6ab9958ba2749830ed929a1ee76e,
        type: 3}
      propertyPath: m_LocalPosition.x
      value: -18.711525
      objectReference: {fileID: 0}
    - target: {fileID: -8679921383154817045, guid: 709a6ab9958ba2749830ed929a1ee76e,
        type: 3}
      propertyPath: m_LocalPosition.y
      value: -15.370425
      objectReference: {fileID: 0}
    - target: {fileID: -8679921383154817045, guid: 709a6ab9958ba2749830ed929a1ee76e,
        type: 3}
      propertyPath: m_LocalPosition.z
      value: 42.450592
      objectReference: {fileID: 0}
    - target: {fileID: -8679921383154817045, guid: 709a6ab9958ba2749830ed929a1ee76e,
        type: 3}
      propertyPath: m_LocalRotation.x
      value: -0
      objectReference: {fileID: 0}
    - target: {fileID: -8679921383154817045, guid: 709a6ab9958ba2749830ed929a1ee76e,
        type: 3}
      propertyPath: m_LocalRotation.y
      value: -0.7071068
      objectReference: {fileID: 0}
    - target: {fileID: -8679921383154817045, guid: 709a6ab9958ba2749830ed929a1ee76e,
        type: 3}
      propertyPath: m_LocalRotation.z
      value: -0
      objectReference: {fileID: 0}
    - target: {fileID: -8679921383154817045, guid: 709a6ab9958ba2749830ed929a1ee76e,
        type: 3}
      propertyPath: m_LocalRotation.w
      value: 0.7071068
      objectReference: {fileID: 0}
    - target: {fileID: -8679921383154817045, guid: 709a6ab9958ba2749830ed929a1ee76e,
        type: 3}
      propertyPath: m_RootOrder
      value: 0
      objectReference: {fileID: 0}
    - target: {fileID: -8679921383154817045, guid: 709a6ab9958ba2749830ed929a1ee76e,
        type: 3}
      propertyPath: m_LocalEulerAnglesHint.x
      value: 0
      objectReference: {fileID: 0}
    - target: {fileID: -8679921383154817045, guid: 709a6ab9958ba2749830ed929a1ee76e,
        type: 3}
      propertyPath: m_LocalEulerAnglesHint.y
      value: -90
      objectReference: {fileID: 0}
    - target: {fileID: -8679921383154817045, guid: 709a6ab9958ba2749830ed929a1ee76e,
        type: 3}
      propertyPath: m_LocalEulerAnglesHint.z
      value: 0
      objectReference: {fileID: 0}
    - target: {fileID: -4680370027393179820, guid: 709a6ab9958ba2749830ed929a1ee76e,
        type: 3}
      propertyPath: m_Materials.Array.data[0]
      value: 
      objectReference: {fileID: 2100000, guid: c296ed16277c91b49ba48eaeecb9175f, type: 2}
    - target: {fileID: 919132149155446097, guid: 709a6ab9958ba2749830ed929a1ee76e,
        type: 3}
      propertyPath: m_Name
      value: Wall (3)
      objectReference: {fileID: 0}
    - target: {fileID: 9159433631938471173, guid: 709a6ab9958ba2749830ed929a1ee76e,
        type: 3}
      propertyPath: m_Materials.Array.data[0]
      value: 
      objectReference: {fileID: 2100000, guid: c296ed16277c91b49ba48eaeecb9175f, type: 2}
    m_RemovedComponents: []
  m_SourcePrefab: {fileID: 100100000, guid: 709a6ab9958ba2749830ed929a1ee76e, type: 3}
--- !u!4 &5543913242005746629 stripped
Transform:
  m_CorrespondingSourceObject: {fileID: -8679921383154817045, guid: 709a6ab9958ba2749830ed929a1ee76e,
    type: 3}
  m_PrefabInstance: {fileID: 5432843929633117230}
  m_PrefabAsset: {fileID: 0}
--- !u!1001 &5432843929746349720
PrefabInstance:
  m_ObjectHideFlags: 0
  serializedVersion: 2
  m_Modification:
    m_TransformParent: {fileID: 5432843930196016857}
    m_Modifications:
    - target: {fileID: -8679921383154817045, guid: 709a6ab9958ba2749830ed929a1ee76e,
        type: 3}
      propertyPath: m_LocalPosition.x
      value: 34.918472
      objectReference: {fileID: 0}
    - target: {fileID: -8679921383154817045, guid: 709a6ab9958ba2749830ed929a1ee76e,
        type: 3}
      propertyPath: m_LocalPosition.y
      value: -15.370425
      objectReference: {fileID: 0}
    - target: {fileID: -8679921383154817045, guid: 709a6ab9958ba2749830ed929a1ee76e,
        type: 3}
      propertyPath: m_LocalPosition.z
      value: 27.110596
      objectReference: {fileID: 0}
    - target: {fileID: -8679921383154817045, guid: 709a6ab9958ba2749830ed929a1ee76e,
        type: 3}
      propertyPath: m_LocalRotation.x
      value: -0
      objectReference: {fileID: 0}
    - target: {fileID: -8679921383154817045, guid: 709a6ab9958ba2749830ed929a1ee76e,
        type: 3}
      propertyPath: m_LocalRotation.y
      value: 0.7071068
      objectReference: {fileID: 0}
    - target: {fileID: -8679921383154817045, guid: 709a6ab9958ba2749830ed929a1ee76e,
        type: 3}
      propertyPath: m_LocalRotation.z
      value: -0
      objectReference: {fileID: 0}
    - target: {fileID: -8679921383154817045, guid: 709a6ab9958ba2749830ed929a1ee76e,
        type: 3}
      propertyPath: m_LocalRotation.w
      value: 0.7071068
      objectReference: {fileID: 0}
    - target: {fileID: -8679921383154817045, guid: 709a6ab9958ba2749830ed929a1ee76e,
        type: 3}
      propertyPath: m_RootOrder
      value: 0
      objectReference: {fileID: 0}
    - target: {fileID: -8679921383154817045, guid: 709a6ab9958ba2749830ed929a1ee76e,
        type: 3}
      propertyPath: m_LocalEulerAnglesHint.x
      value: 0
      objectReference: {fileID: 0}
    - target: {fileID: -8679921383154817045, guid: 709a6ab9958ba2749830ed929a1ee76e,
        type: 3}
      propertyPath: m_LocalEulerAnglesHint.y
      value: 90
      objectReference: {fileID: 0}
    - target: {fileID: -8679921383154817045, guid: 709a6ab9958ba2749830ed929a1ee76e,
        type: 3}
      propertyPath: m_LocalEulerAnglesHint.z
      value: 0
      objectReference: {fileID: 0}
    - target: {fileID: -4680370027393179820, guid: 709a6ab9958ba2749830ed929a1ee76e,
        type: 3}
      propertyPath: m_Materials.Array.data[0]
      value: 
      objectReference: {fileID: 2100000, guid: c296ed16277c91b49ba48eaeecb9175f, type: 2}
    - target: {fileID: 919132149155446097, guid: 709a6ab9958ba2749830ed929a1ee76e,
        type: 3}
      propertyPath: m_Name
      value: Wall (9)
      objectReference: {fileID: 0}
    - target: {fileID: 9159433631938471173, guid: 709a6ab9958ba2749830ed929a1ee76e,
        type: 3}
      propertyPath: m_Materials.Array.data[0]
      value: 
      objectReference: {fileID: 2100000, guid: c296ed16277c91b49ba48eaeecb9175f, type: 2}
    m_RemovedComponents: []
  m_SourcePrefab: {fileID: 100100000, guid: 709a6ab9958ba2749830ed929a1ee76e, type: 3}
--- !u!4 &5543913241850575219 stripped
Transform:
  m_CorrespondingSourceObject: {fileID: -8679921383154817045, guid: 709a6ab9958ba2749830ed929a1ee76e,
    type: 3}
  m_PrefabInstance: {fileID: 5432843929746349720}
  m_PrefabAsset: {fileID: 0}
--- !u!1001 &5432843929899220823
PrefabInstance:
  m_ObjectHideFlags: 0
  serializedVersion: 2
  m_Modification:
    m_TransformParent: {fileID: 5432843930196016857}
    m_Modifications:
    - target: {fileID: -8679921383154817045, guid: 709a6ab9958ba2749830ed929a1ee76e,
        type: 3}
      propertyPath: m_LocalPosition.x
      value: 34.918472
      objectReference: {fileID: 0}
    - target: {fileID: -8679921383154817045, guid: 709a6ab9958ba2749830ed929a1ee76e,
        type: 3}
      propertyPath: m_LocalPosition.y
      value: -15.370425
      objectReference: {fileID: 0}
    - target: {fileID: -8679921383154817045, guid: 709a6ab9958ba2749830ed929a1ee76e,
        type: 3}
      propertyPath: m_LocalPosition.z
      value: -26.529411
      objectReference: {fileID: 0}
    - target: {fileID: -8679921383154817045, guid: 709a6ab9958ba2749830ed929a1ee76e,
        type: 3}
      propertyPath: m_LocalRotation.x
      value: -0
      objectReference: {fileID: 0}
    - target: {fileID: -8679921383154817045, guid: 709a6ab9958ba2749830ed929a1ee76e,
        type: 3}
      propertyPath: m_LocalRotation.y
      value: 0.7071068
      objectReference: {fileID: 0}
    - target: {fileID: -8679921383154817045, guid: 709a6ab9958ba2749830ed929a1ee76e,
        type: 3}
      propertyPath: m_LocalRotation.z
      value: -0
      objectReference: {fileID: 0}
    - target: {fileID: -8679921383154817045, guid: 709a6ab9958ba2749830ed929a1ee76e,
        type: 3}
      propertyPath: m_LocalRotation.w
      value: 0.7071068
      objectReference: {fileID: 0}
    - target: {fileID: -8679921383154817045, guid: 709a6ab9958ba2749830ed929a1ee76e,
        type: 3}
      propertyPath: m_RootOrder
      value: 4
      objectReference: {fileID: 0}
    - target: {fileID: -8679921383154817045, guid: 709a6ab9958ba2749830ed929a1ee76e,
        type: 3}
      propertyPath: m_LocalEulerAnglesHint.x
      value: 0
      objectReference: {fileID: 0}
    - target: {fileID: -8679921383154817045, guid: 709a6ab9958ba2749830ed929a1ee76e,
        type: 3}
      propertyPath: m_LocalEulerAnglesHint.y
      value: 90
      objectReference: {fileID: 0}
    - target: {fileID: -8679921383154817045, guid: 709a6ab9958ba2749830ed929a1ee76e,
        type: 3}
      propertyPath: m_LocalEulerAnglesHint.z
      value: 0
      objectReference: {fileID: 0}
    - target: {fileID: -4680370027393179820, guid: 709a6ab9958ba2749830ed929a1ee76e,
        type: 3}
      propertyPath: m_Materials.Array.data[0]
      value: 
      objectReference: {fileID: 2100000, guid: c296ed16277c91b49ba48eaeecb9175f, type: 2}
    - target: {fileID: 919132149155446097, guid: 709a6ab9958ba2749830ed929a1ee76e,
        type: 3}
      propertyPath: m_Name
      value: Wall (14)
      objectReference: {fileID: 0}
    - target: {fileID: 9159433631938471173, guid: 709a6ab9958ba2749830ed929a1ee76e,
        type: 3}
      propertyPath: m_Materials.Array.data[0]
      value: 
      objectReference: {fileID: 2100000, guid: c296ed16277c91b49ba48eaeecb9175f, type: 2}
    m_RemovedComponents: []
  m_SourcePrefab: {fileID: 100100000, guid: 709a6ab9958ba2749830ed929a1ee76e, type: 3}
--- !u!4 &5543913241739712700 stripped
Transform:
  m_CorrespondingSourceObject: {fileID: -8679921383154817045, guid: 709a6ab9958ba2749830ed929a1ee76e,
    type: 3}
  m_PrefabInstance: {fileID: 5432843929899220823}
  m_PrefabAsset: {fileID: 0}
--- !u!1001 &5432843930074800069
PrefabInstance:
  m_ObjectHideFlags: 0
  serializedVersion: 2
  m_Modification:
    m_TransformParent: {fileID: 5432843930094423517}
    m_Modifications:
    - target: {fileID: -8679921383154817045, guid: 709a6ab9958ba2749830ed929a1ee76e,
        type: 3}
      propertyPath: m_LocalPosition.x
      value: -18.711525
      objectReference: {fileID: 0}
    - target: {fileID: -8679921383154817045, guid: 709a6ab9958ba2749830ed929a1ee76e,
        type: 3}
      propertyPath: m_LocalPosition.y
      value: -15.370425
      objectReference: {fileID: 0}
    - target: {fileID: -8679921383154817045, guid: 709a6ab9958ba2749830ed929a1ee76e,
        type: 3}
      propertyPath: m_LocalPosition.z
      value: -11.339409
      objectReference: {fileID: 0}
    - target: {fileID: -8679921383154817045, guid: 709a6ab9958ba2749830ed929a1ee76e,
        type: 3}
      propertyPath: m_LocalRotation.x
      value: -0
      objectReference: {fileID: 0}
    - target: {fileID: -8679921383154817045, guid: 709a6ab9958ba2749830ed929a1ee76e,
        type: 3}
      propertyPath: m_LocalRotation.y
      value: -0.7071068
      objectReference: {fileID: 0}
    - target: {fileID: -8679921383154817045, guid: 709a6ab9958ba2749830ed929a1ee76e,
        type: 3}
      propertyPath: m_LocalRotation.z
      value: -0
      objectReference: {fileID: 0}
    - target: {fileID: -8679921383154817045, guid: 709a6ab9958ba2749830ed929a1ee76e,
        type: 3}
      propertyPath: m_LocalRotation.w
      value: 0.7071068
      objectReference: {fileID: 0}
    - target: {fileID: -8679921383154817045, guid: 709a6ab9958ba2749830ed929a1ee76e,
        type: 3}
      propertyPath: m_RootOrder
      value: 3
      objectReference: {fileID: 0}
    - target: {fileID: -8679921383154817045, guid: 709a6ab9958ba2749830ed929a1ee76e,
        type: 3}
      propertyPath: m_LocalEulerAnglesHint.x
      value: 0
      objectReference: {fileID: 0}
    - target: {fileID: -8679921383154817045, guid: 709a6ab9958ba2749830ed929a1ee76e,
        type: 3}
      propertyPath: m_LocalEulerAnglesHint.y
      value: -90
      objectReference: {fileID: 0}
    - target: {fileID: -8679921383154817045, guid: 709a6ab9958ba2749830ed929a1ee76e,
        type: 3}
      propertyPath: m_LocalEulerAnglesHint.z
      value: 0
      objectReference: {fileID: 0}
    - target: {fileID: -4680370027393179820, guid: 709a6ab9958ba2749830ed929a1ee76e,
        type: 3}
      propertyPath: m_Materials.Array.data[0]
      value: 
      objectReference: {fileID: 2100000, guid: c296ed16277c91b49ba48eaeecb9175f, type: 2}
    - target: {fileID: 919132149155446097, guid: 709a6ab9958ba2749830ed929a1ee76e,
        type: 3}
      propertyPath: m_Name
      value: Wall (6)
      objectReference: {fileID: 0}
    - target: {fileID: 9159433631938471173, guid: 709a6ab9958ba2749830ed929a1ee76e,
        type: 3}
      propertyPath: m_Materials.Array.data[0]
      value: 
      objectReference: {fileID: 2100000, guid: c296ed16277c91b49ba48eaeecb9175f, type: 2}
    m_RemovedComponents: []
  m_SourcePrefab: {fileID: 100100000, guid: 709a6ab9958ba2749830ed929a1ee76e, type: 3}
--- !u!4 &5543913241522190382 stripped
Transform:
  m_CorrespondingSourceObject: {fileID: -8679921383154817045, guid: 709a6ab9958ba2749830ed929a1ee76e,
    type: 3}
  m_PrefabInstance: {fileID: 5432843930074800069}
  m_PrefabAsset: {fileID: 0}
--- !u!1001 &5432843930105247595
PrefabInstance:
  m_ObjectHideFlags: 0
  serializedVersion: 2
  m_Modification:
    m_TransformParent: {fileID: 5432843930094423517}
    m_Modifications:
    - target: {fileID: -8679921383154817045, guid: 709a6ab9958ba2749830ed929a1ee76e,
        type: 3}
      propertyPath: m_LocalPosition.x
      value: -18.711525
      objectReference: {fileID: 0}
    - target: {fileID: -8679921383154817045, guid: 709a6ab9958ba2749830ed929a1ee76e,
        type: 3}
      propertyPath: m_LocalPosition.y
      value: -15.370425
      objectReference: {fileID: 0}
    - target: {fileID: -8679921383154817045, guid: 709a6ab9958ba2749830ed929a1ee76e,
        type: 3}
      propertyPath: m_LocalPosition.z
      value: 6.5605927
      objectReference: {fileID: 0}
    - target: {fileID: -8679921383154817045, guid: 709a6ab9958ba2749830ed929a1ee76e,
        type: 3}
      propertyPath: m_LocalRotation.x
      value: -0
      objectReference: {fileID: 0}
    - target: {fileID: -8679921383154817045, guid: 709a6ab9958ba2749830ed929a1ee76e,
        type: 3}
      propertyPath: m_LocalRotation.y
      value: -0.7071068
      objectReference: {fileID: 0}
    - target: {fileID: -8679921383154817045, guid: 709a6ab9958ba2749830ed929a1ee76e,
        type: 3}
      propertyPath: m_LocalRotation.z
      value: -0
      objectReference: {fileID: 0}
    - target: {fileID: -8679921383154817045, guid: 709a6ab9958ba2749830ed929a1ee76e,
        type: 3}
      propertyPath: m_LocalRotation.w
      value: 0.7071068
      objectReference: {fileID: 0}
    - target: {fileID: -8679921383154817045, guid: 709a6ab9958ba2749830ed929a1ee76e,
        type: 3}
      propertyPath: m_RootOrder
      value: 2
      objectReference: {fileID: 0}
    - target: {fileID: -8679921383154817045, guid: 709a6ab9958ba2749830ed929a1ee76e,
        type: 3}
      propertyPath: m_LocalEulerAnglesHint.x
      value: 0
      objectReference: {fileID: 0}
    - target: {fileID: -8679921383154817045, guid: 709a6ab9958ba2749830ed929a1ee76e,
        type: 3}
      propertyPath: m_LocalEulerAnglesHint.y
      value: -90
      objectReference: {fileID: 0}
    - target: {fileID: -8679921383154817045, guid: 709a6ab9958ba2749830ed929a1ee76e,
        type: 3}
      propertyPath: m_LocalEulerAnglesHint.z
      value: 0
      objectReference: {fileID: 0}
    - target: {fileID: -4680370027393179820, guid: 709a6ab9958ba2749830ed929a1ee76e,
        type: 3}
      propertyPath: m_Materials.Array.data[0]
      value: 
      objectReference: {fileID: 2100000, guid: c296ed16277c91b49ba48eaeecb9175f, type: 2}
    - target: {fileID: 919132149155446097, guid: 709a6ab9958ba2749830ed929a1ee76e,
        type: 3}
      propertyPath: m_Name
      value: Wall (5)
      objectReference: {fileID: 0}
    - target: {fileID: 9159433631938471173, guid: 709a6ab9958ba2749830ed929a1ee76e,
        type: 3}
      propertyPath: m_Materials.Array.data[0]
      value: 
      objectReference: {fileID: 2100000, guid: c296ed16277c91b49ba48eaeecb9175f, type: 2}
    m_RemovedComponents: []
  m_SourcePrefab: {fileID: 100100000, guid: 709a6ab9958ba2749830ed929a1ee76e, type: 3}
--- !u!4 &5543913241491673216 stripped
Transform:
  m_CorrespondingSourceObject: {fileID: -8679921383154817045, guid: 709a6ab9958ba2749830ed929a1ee76e,
    type: 3}
  m_PrefabInstance: {fileID: 5432843930105247595}
  m_PrefabAsset: {fileID: 0}
--- !u!1001 &5432843930206553796
PrefabInstance:
  m_ObjectHideFlags: 0
  serializedVersion: 2
  m_Modification:
    m_TransformParent: {fileID: 5432843930094423517}
    m_Modifications:
    - target: {fileID: -8679921383154817045, guid: 709a6ab9958ba2749830ed929a1ee76e,
        type: 3}
      propertyPath: m_LocalPosition.x
      value: -18.711525
      objectReference: {fileID: 0}
    - target: {fileID: -8679921383154817045, guid: 709a6ab9958ba2749830ed929a1ee76e,
        type: 3}
      propertyPath: m_LocalPosition.y
      value: -15.370425
      objectReference: {fileID: 0}
    - target: {fileID: -8679921383154817045, guid: 709a6ab9958ba2749830ed929a1ee76e,
        type: 3}
      propertyPath: m_LocalPosition.z
      value: -46.989414
      objectReference: {fileID: 0}
    - target: {fileID: -8679921383154817045, guid: 709a6ab9958ba2749830ed929a1ee76e,
        type: 3}
      propertyPath: m_LocalRotation.x
      value: -0
      objectReference: {fileID: 0}
    - target: {fileID: -8679921383154817045, guid: 709a6ab9958ba2749830ed929a1ee76e,
        type: 3}
      propertyPath: m_LocalRotation.y
      value: -0.7071068
      objectReference: {fileID: 0}
    - target: {fileID: -8679921383154817045, guid: 709a6ab9958ba2749830ed929a1ee76e,
        type: 3}
      propertyPath: m_LocalRotation.z
      value: -0
      objectReference: {fileID: 0}
    - target: {fileID: -8679921383154817045, guid: 709a6ab9958ba2749830ed929a1ee76e,
        type: 3}
      propertyPath: m_LocalRotation.w
      value: 0.7071068
      objectReference: {fileID: 0}
    - target: {fileID: -8679921383154817045, guid: 709a6ab9958ba2749830ed929a1ee76e,
        type: 3}
      propertyPath: m_RootOrder
      value: 5
      objectReference: {fileID: 0}
    - target: {fileID: -8679921383154817045, guid: 709a6ab9958ba2749830ed929a1ee76e,
        type: 3}
      propertyPath: m_LocalEulerAnglesHint.x
      value: 0
      objectReference: {fileID: 0}
    - target: {fileID: -8679921383154817045, guid: 709a6ab9958ba2749830ed929a1ee76e,
        type: 3}
      propertyPath: m_LocalEulerAnglesHint.y
      value: -90
      objectReference: {fileID: 0}
    - target: {fileID: -8679921383154817045, guid: 709a6ab9958ba2749830ed929a1ee76e,
        type: 3}
      propertyPath: m_LocalEulerAnglesHint.z
      value: 0
      objectReference: {fileID: 0}
    - target: {fileID: -4680370027393179820, guid: 709a6ab9958ba2749830ed929a1ee76e,
        type: 3}
      propertyPath: m_Materials.Array.data[0]
      value: 
      objectReference: {fileID: 2100000, guid: c296ed16277c91b49ba48eaeecb9175f, type: 2}
    - target: {fileID: 919132149155446097, guid: 709a6ab9958ba2749830ed929a1ee76e,
        type: 3}
      propertyPath: m_Name
      value: Wall (8)
      objectReference: {fileID: 0}
    - target: {fileID: 9159433631938471173, guid: 709a6ab9958ba2749830ed929a1ee76e,
        type: 3}
      propertyPath: m_Materials.Array.data[0]
      value: 
      objectReference: {fileID: 2100000, guid: c296ed16277c91b49ba48eaeecb9175f, type: 2}
    m_RemovedComponents: []
  m_SourcePrefab: {fileID: 100100000, guid: 709a6ab9958ba2749830ed929a1ee76e, type: 3}
--- !u!4 &5543913241390096687 stripped
Transform:
  m_CorrespondingSourceObject: {fileID: -8679921383154817045, guid: 709a6ab9958ba2749830ed929a1ee76e,
    type: 3}
  m_PrefabInstance: {fileID: 5432843930206553796}
  m_PrefabAsset: {fileID: 0}
--- !u!1001 &5432843930380439996
PrefabInstance:
  m_ObjectHideFlags: 0
  serializedVersion: 2
  m_Modification:
    m_TransformParent: {fileID: 5432843931743080541}
    m_Modifications:
    - target: {fileID: -8679921383154817045, guid: 709a6ab9958ba2749830ed929a1ee76e,
        type: 3}
      propertyPath: m_LocalPosition.x
      value: -26.003094
      objectReference: {fileID: 0}
    - target: {fileID: -8679921383154817045, guid: 709a6ab9958ba2749830ed929a1ee76e,
        type: 3}
      propertyPath: m_LocalPosition.y
      value: -15.873492
      objectReference: {fileID: 0}
    - target: {fileID: -8679921383154817045, guid: 709a6ab9958ba2749830ed929a1ee76e,
        type: 3}
      propertyPath: m_LocalPosition.z
      value: 44.254974
      objectReference: {fileID: 0}
    - target: {fileID: -8679921383154817045, guid: 709a6ab9958ba2749830ed929a1ee76e,
        type: 3}
      propertyPath: m_LocalRotation.x
      value: -0
      objectReference: {fileID: 0}
    - target: {fileID: -8679921383154817045, guid: 709a6ab9958ba2749830ed929a1ee76e,
        type: 3}
      propertyPath: m_LocalRotation.y
      value: -0
      objectReference: {fileID: 0}
    - target: {fileID: -8679921383154817045, guid: 709a6ab9958ba2749830ed929a1ee76e,
        type: 3}
      propertyPath: m_LocalRotation.z
      value: -0
      objectReference: {fileID: 0}
    - target: {fileID: -8679921383154817045, guid: 709a6ab9958ba2749830ed929a1ee76e,
        type: 3}
      propertyPath: m_LocalRotation.w
      value: 1
      objectReference: {fileID: 0}
    - target: {fileID: -8679921383154817045, guid: 709a6ab9958ba2749830ed929a1ee76e,
        type: 3}
      propertyPath: m_RootOrder
      value: 2
      objectReference: {fileID: 0}
    - target: {fileID: -8679921383154817045, guid: 709a6ab9958ba2749830ed929a1ee76e,
        type: 3}
      propertyPath: m_LocalEulerAnglesHint.x
      value: 0
      objectReference: {fileID: 0}
    - target: {fileID: -8679921383154817045, guid: 709a6ab9958ba2749830ed929a1ee76e,
        type: 3}
      propertyPath: m_LocalEulerAnglesHint.y
      value: 0
      objectReference: {fileID: 0}
    - target: {fileID: -8679921383154817045, guid: 709a6ab9958ba2749830ed929a1ee76e,
        type: 3}
      propertyPath: m_LocalEulerAnglesHint.z
      value: 0
      objectReference: {fileID: 0}
    - target: {fileID: -4680370027393179820, guid: 709a6ab9958ba2749830ed929a1ee76e,
        type: 3}
      propertyPath: m_Materials.Array.data[0]
      value: 
      objectReference: {fileID: 2100000, guid: c296ed16277c91b49ba48eaeecb9175f, type: 2}
    - target: {fileID: 919132149155446097, guid: 709a6ab9958ba2749830ed929a1ee76e,
        type: 3}
      propertyPath: m_Name
      value: Wall (2)
      objectReference: {fileID: 0}
    - target: {fileID: 9159433631938471173, guid: 709a6ab9958ba2749830ed929a1ee76e,
        type: 3}
      propertyPath: m_Materials.Array.data[0]
      value: 
      objectReference: {fileID: 2100000, guid: c296ed16277c91b49ba48eaeecb9175f, type: 2}
    m_RemovedComponents: []
  m_SourcePrefab: {fileID: 100100000, guid: 709a6ab9958ba2749830ed929a1ee76e, type: 3}
--- !u!4 &5543913241224934999 stripped
Transform:
  m_CorrespondingSourceObject: {fileID: -8679921383154817045, guid: 709a6ab9958ba2749830ed929a1ee76e,
    type: 3}
  m_PrefabInstance: {fileID: 5432843930380439996}
  m_PrefabAsset: {fileID: 0}
--- !u!1001 &5432843930564794377
PrefabInstance:
  m_ObjectHideFlags: 0
  serializedVersion: 2
  m_Modification:
    m_TransformParent: {fileID: 5432843930196016857}
    m_Modifications:
    - target: {fileID: -8679921383154817045, guid: 709a6ab9958ba2749830ed929a1ee76e,
        type: 3}
      propertyPath: m_LocalPosition.x
      value: 34.918472
      objectReference: {fileID: 0}
    - target: {fileID: -8679921383154817045, guid: 709a6ab9958ba2749830ed929a1ee76e,
        type: 3}
      propertyPath: m_LocalPosition.y
      value: -15.370425
      objectReference: {fileID: 0}
    - target: {fileID: -8679921383154817045, guid: 709a6ab9958ba2749830ed929a1ee76e,
        type: 3}
      propertyPath: m_LocalPosition.z
      value: 45.010597
      objectReference: {fileID: 0}
    - target: {fileID: -8679921383154817045, guid: 709a6ab9958ba2749830ed929a1ee76e,
        type: 3}
      propertyPath: m_LocalRotation.x
      value: -0
      objectReference: {fileID: 0}
    - target: {fileID: -8679921383154817045, guid: 709a6ab9958ba2749830ed929a1ee76e,
        type: 3}
      propertyPath: m_LocalRotation.y
      value: 0.7071068
      objectReference: {fileID: 0}
    - target: {fileID: -8679921383154817045, guid: 709a6ab9958ba2749830ed929a1ee76e,
        type: 3}
      propertyPath: m_LocalRotation.z
      value: -0
      objectReference: {fileID: 0}
    - target: {fileID: -8679921383154817045, guid: 709a6ab9958ba2749830ed929a1ee76e,
        type: 3}
      propertyPath: m_LocalRotation.w
      value: 0.7071068
      objectReference: {fileID: 0}
    - target: {fileID: -8679921383154817045, guid: 709a6ab9958ba2749830ed929a1ee76e,
        type: 3}
      propertyPath: m_RootOrder
      value: 1
      objectReference: {fileID: 0}
    - target: {fileID: -8679921383154817045, guid: 709a6ab9958ba2749830ed929a1ee76e,
        type: 3}
      propertyPath: m_LocalEulerAnglesHint.x
      value: 0
      objectReference: {fileID: 0}
    - target: {fileID: -8679921383154817045, guid: 709a6ab9958ba2749830ed929a1ee76e,
        type: 3}
      propertyPath: m_LocalEulerAnglesHint.y
      value: 90
      objectReference: {fileID: 0}
    - target: {fileID: -8679921383154817045, guid: 709a6ab9958ba2749830ed929a1ee76e,
        type: 3}
      propertyPath: m_LocalEulerAnglesHint.z
      value: 0
      objectReference: {fileID: 0}
    - target: {fileID: -4680370027393179820, guid: 709a6ab9958ba2749830ed929a1ee76e,
        type: 3}
      propertyPath: m_Materials.Array.data[0]
      value: 
      objectReference: {fileID: 2100000, guid: c296ed16277c91b49ba48eaeecb9175f, type: 2}
    - target: {fileID: 919132149155446097, guid: 709a6ab9958ba2749830ed929a1ee76e,
        type: 3}
      propertyPath: m_Name
      value: Wall (10)
      objectReference: {fileID: 0}
    - target: {fileID: 9159433631938471173, guid: 709a6ab9958ba2749830ed929a1ee76e,
        type: 3}
      propertyPath: m_Materials.Array.data[0]
      value: 
      objectReference: {fileID: 2100000, guid: c296ed16277c91b49ba48eaeecb9175f, type: 2}
    m_RemovedComponents: []
  m_SourcePrefab: {fileID: 100100000, guid: 709a6ab9958ba2749830ed929a1ee76e, type: 3}
--- !u!4 &5543913241074139106 stripped
Transform:
  m_CorrespondingSourceObject: {fileID: -8679921383154817045, guid: 709a6ab9958ba2749830ed929a1ee76e,
    type: 3}
  m_PrefabInstance: {fileID: 5432843930564794377}
  m_PrefabAsset: {fileID: 0}
--- !u!1001 &5432843930615140273
PrefabInstance:
  m_ObjectHideFlags: 0
  serializedVersion: 2
  m_Modification:
    m_TransformParent: {fileID: 5432843930196016857}
    m_Modifications:
    - target: {fileID: -8679921383154817045, guid: 709a6ab9958ba2749830ed929a1ee76e,
        type: 3}
      propertyPath: m_LocalPosition.x
      value: 34.918472
      objectReference: {fileID: 0}
    - target: {fileID: -8679921383154817045, guid: 709a6ab9958ba2749830ed929a1ee76e,
        type: 3}
      propertyPath: m_LocalPosition.y
      value: -15.370425
      objectReference: {fileID: 0}
    - target: {fileID: -8679921383154817045, guid: 709a6ab9958ba2749830ed929a1ee76e,
        type: 3}
      propertyPath: m_LocalPosition.z
      value: -8.779404
      objectReference: {fileID: 0}
    - target: {fileID: -8679921383154817045, guid: 709a6ab9958ba2749830ed929a1ee76e,
        type: 3}
      propertyPath: m_LocalRotation.x
      value: -0
      objectReference: {fileID: 0}
    - target: {fileID: -8679921383154817045, guid: 709a6ab9958ba2749830ed929a1ee76e,
        type: 3}
      propertyPath: m_LocalRotation.y
      value: 0.7071068
      objectReference: {fileID: 0}
    - target: {fileID: -8679921383154817045, guid: 709a6ab9958ba2749830ed929a1ee76e,
        type: 3}
      propertyPath: m_LocalRotation.z
      value: -0
      objectReference: {fileID: 0}
    - target: {fileID: -8679921383154817045, guid: 709a6ab9958ba2749830ed929a1ee76e,
        type: 3}
      propertyPath: m_LocalRotation.w
      value: 0.7071068
      objectReference: {fileID: 0}
    - target: {fileID: -8679921383154817045, guid: 709a6ab9958ba2749830ed929a1ee76e,
        type: 3}
      propertyPath: m_RootOrder
      value: 2
      objectReference: {fileID: 0}
    - target: {fileID: -8679921383154817045, guid: 709a6ab9958ba2749830ed929a1ee76e,
        type: 3}
      propertyPath: m_LocalEulerAnglesHint.x
      value: 0
      objectReference: {fileID: 0}
    - target: {fileID: -8679921383154817045, guid: 709a6ab9958ba2749830ed929a1ee76e,
        type: 3}
      propertyPath: m_LocalEulerAnglesHint.y
      value: 90
      objectReference: {fileID: 0}
    - target: {fileID: -8679921383154817045, guid: 709a6ab9958ba2749830ed929a1ee76e,
        type: 3}
      propertyPath: m_LocalEulerAnglesHint.z
      value: 0
      objectReference: {fileID: 0}
    - target: {fileID: -4680370027393179820, guid: 709a6ab9958ba2749830ed929a1ee76e,
        type: 3}
      propertyPath: m_Materials.Array.data[0]
      value: 
      objectReference: {fileID: 2100000, guid: c296ed16277c91b49ba48eaeecb9175f, type: 2}
    - target: {fileID: 919132149155446097, guid: 709a6ab9958ba2749830ed929a1ee76e,
        type: 3}
      propertyPath: m_Name
      value: Wall (12)
      objectReference: {fileID: 0}
    - target: {fileID: 9159433631938471173, guid: 709a6ab9958ba2749830ed929a1ee76e,
        type: 3}
      propertyPath: m_Materials.Array.data[0]
      value: 
      objectReference: {fileID: 2100000, guid: c296ed16277c91b49ba48eaeecb9175f, type: 2}
    m_RemovedComponents: []
  m_SourcePrefab: {fileID: 100100000, guid: 709a6ab9958ba2749830ed929a1ee76e, type: 3}
--- !u!4 &5543913240990230618 stripped
Transform:
  m_CorrespondingSourceObject: {fileID: -8679921383154817045, guid: 709a6ab9958ba2749830ed929a1ee76e,
    type: 3}
  m_PrefabInstance: {fileID: 5432843930615140273}
  m_PrefabAsset: {fileID: 0}
--- !u!1001 &5432843930695330487
PrefabInstance:
  m_ObjectHideFlags: 0
  serializedVersion: 2
  m_Modification:
    m_TransformParent: {fileID: 5432843931743080541}
    m_Modifications:
    - target: {fileID: -8679921383154817045, guid: 709a6ab9958ba2749830ed929a1ee76e,
        type: 3}
      propertyPath: m_LocalPosition.x
      value: -7.963093
      objectReference: {fileID: 0}
    - target: {fileID: -8679921383154817045, guid: 709a6ab9958ba2749830ed929a1ee76e,
        type: 3}
      propertyPath: m_LocalPosition.y
      value: -15.873492
      objectReference: {fileID: 0}
    - target: {fileID: -8679921383154817045, guid: 709a6ab9958ba2749830ed929a1ee76e,
        type: 3}
      propertyPath: m_LocalPosition.z
      value: 44.254974
      objectReference: {fileID: 0}
    - target: {fileID: -8679921383154817045, guid: 709a6ab9958ba2749830ed929a1ee76e,
        type: 3}
      propertyPath: m_LocalRotation.x
      value: -0
      objectReference: {fileID: 0}
    - target: {fileID: -8679921383154817045, guid: 709a6ab9958ba2749830ed929a1ee76e,
        type: 3}
      propertyPath: m_LocalRotation.y
      value: -0
      objectReference: {fileID: 0}
    - target: {fileID: -8679921383154817045, guid: 709a6ab9958ba2749830ed929a1ee76e,
        type: 3}
      propertyPath: m_LocalRotation.z
      value: -0
      objectReference: {fileID: 0}
    - target: {fileID: -8679921383154817045, guid: 709a6ab9958ba2749830ed929a1ee76e,
        type: 3}
      propertyPath: m_LocalRotation.w
      value: 1
      objectReference: {fileID: 0}
    - target: {fileID: -8679921383154817045, guid: 709a6ab9958ba2749830ed929a1ee76e,
        type: 3}
      propertyPath: m_RootOrder
      value: 0
      objectReference: {fileID: 0}
    - target: {fileID: -8679921383154817045, guid: 709a6ab9958ba2749830ed929a1ee76e,
        type: 3}
      propertyPath: m_LocalEulerAnglesHint.x
      value: 0
      objectReference: {fileID: 0}
    - target: {fileID: -8679921383154817045, guid: 709a6ab9958ba2749830ed929a1ee76e,
        type: 3}
      propertyPath: m_LocalEulerAnglesHint.y
      value: 0
      objectReference: {fileID: 0}
    - target: {fileID: -8679921383154817045, guid: 709a6ab9958ba2749830ed929a1ee76e,
        type: 3}
      propertyPath: m_LocalEulerAnglesHint.z
      value: 0
      objectReference: {fileID: 0}
    - target: {fileID: -4680370027393179820, guid: 709a6ab9958ba2749830ed929a1ee76e,
        type: 3}
      propertyPath: m_Materials.Array.data[0]
      value: 
      objectReference: {fileID: 2100000, guid: c296ed16277c91b49ba48eaeecb9175f, type: 2}
    - target: {fileID: 919132149155446097, guid: 709a6ab9958ba2749830ed929a1ee76e,
        type: 3}
      propertyPath: m_Name
      value: Wall
      objectReference: {fileID: 0}
    - target: {fileID: 9159433631938471173, guid: 709a6ab9958ba2749830ed929a1ee76e,
        type: 3}
      propertyPath: m_Materials.Array.data[0]
      value: 
      objectReference: {fileID: 2100000, guid: c296ed16277c91b49ba48eaeecb9175f, type: 2}
    m_RemovedComponents: []
  m_SourcePrefab: {fileID: 100100000, guid: 709a6ab9958ba2749830ed929a1ee76e, type: 3}
--- !u!4 &5543913240935140700 stripped
Transform:
  m_CorrespondingSourceObject: {fileID: -8679921383154817045, guid: 709a6ab9958ba2749830ed929a1ee76e,
    type: 3}
  m_PrefabInstance: {fileID: 5432843930695330487}
  m_PrefabAsset: {fileID: 0}
--- !u!1001 &5432843930999557083
PrefabInstance:
  m_ObjectHideFlags: 0
  serializedVersion: 2
  m_Modification:
    m_TransformParent: {fileID: 5432843930196016857}
    m_Modifications:
    - target: {fileID: -8679921383154817045, guid: 709a6ab9958ba2749830ed929a1ee76e,
        type: 3}
      propertyPath: m_LocalPosition.x
      value: 34.918472
      objectReference: {fileID: 0}
    - target: {fileID: -8679921383154817045, guid: 709a6ab9958ba2749830ed929a1ee76e,
        type: 3}
      propertyPath: m_LocalPosition.y
      value: -15.370425
      objectReference: {fileID: 0}
    - target: {fileID: -8679921383154817045, guid: 709a6ab9958ba2749830ed929a1ee76e,
        type: 3}
      propertyPath: m_LocalPosition.z
      value: 9.120598
      objectReference: {fileID: 0}
    - target: {fileID: -8679921383154817045, guid: 709a6ab9958ba2749830ed929a1ee76e,
        type: 3}
      propertyPath: m_LocalRotation.x
      value: -0
      objectReference: {fileID: 0}
    - target: {fileID: -8679921383154817045, guid: 709a6ab9958ba2749830ed929a1ee76e,
        type: 3}
      propertyPath: m_LocalRotation.y
      value: 0.7071068
      objectReference: {fileID: 0}
    - target: {fileID: -8679921383154817045, guid: 709a6ab9958ba2749830ed929a1ee76e,
        type: 3}
      propertyPath: m_LocalRotation.z
      value: -0
      objectReference: {fileID: 0}
    - target: {fileID: -8679921383154817045, guid: 709a6ab9958ba2749830ed929a1ee76e,
        type: 3}
      propertyPath: m_LocalRotation.w
      value: 0.7071068
      objectReference: {fileID: 0}
    - target: {fileID: -8679921383154817045, guid: 709a6ab9958ba2749830ed929a1ee76e,
        type: 3}
      propertyPath: m_RootOrder
      value: 3
      objectReference: {fileID: 0}
    - target: {fileID: -8679921383154817045, guid: 709a6ab9958ba2749830ed929a1ee76e,
        type: 3}
      propertyPath: m_LocalEulerAnglesHint.x
      value: 0
      objectReference: {fileID: 0}
    - target: {fileID: -8679921383154817045, guid: 709a6ab9958ba2749830ed929a1ee76e,
        type: 3}
      propertyPath: m_LocalEulerAnglesHint.y
      value: 90
      objectReference: {fileID: 0}
    - target: {fileID: -8679921383154817045, guid: 709a6ab9958ba2749830ed929a1ee76e,
        type: 3}
      propertyPath: m_LocalEulerAnglesHint.z
      value: 0
      objectReference: {fileID: 0}
    - target: {fileID: -4680370027393179820, guid: 709a6ab9958ba2749830ed929a1ee76e,
        type: 3}
      propertyPath: m_Materials.Array.data[0]
      value: 
      objectReference: {fileID: 2100000, guid: c296ed16277c91b49ba48eaeecb9175f, type: 2}
    - target: {fileID: 919132149155446097, guid: 709a6ab9958ba2749830ed929a1ee76e,
        type: 3}
      propertyPath: m_Name
      value: Wall (11)
      objectReference: {fileID: 0}
    - target: {fileID: 9159433631938471173, guid: 709a6ab9958ba2749830ed929a1ee76e,
        type: 3}
      propertyPath: m_Materials.Array.data[0]
      value: 
      objectReference: {fileID: 2100000, guid: c296ed16277c91b49ba48eaeecb9175f, type: 2}
    m_RemovedComponents: []
  m_SourcePrefab: {fileID: 100100000, guid: 709a6ab9958ba2749830ed929a1ee76e, type: 3}
--- !u!4 &5543913240639106096 stripped
Transform:
  m_CorrespondingSourceObject: {fileID: -8679921383154817045, guid: 709a6ab9958ba2749830ed929a1ee76e,
    type: 3}
  m_PrefabInstance: {fileID: 5432843930999557083}
  m_PrefabAsset: {fileID: 0}
--- !u!1001 &5432843931008002780
PrefabInstance:
  m_ObjectHideFlags: 0
  serializedVersion: 2
  m_Modification:
    m_TransformParent: {fileID: 5432843931743080541}
    m_Modifications:
    - target: {fileID: -8679921383154817045, guid: 709a6ab9958ba2749830ed929a1ee76e,
        type: 3}
      propertyPath: m_LocalPosition.x
      value: 10.036907
      objectReference: {fileID: 0}
    - target: {fileID: -8679921383154817045, guid: 709a6ab9958ba2749830ed929a1ee76e,
        type: 3}
      propertyPath: m_LocalPosition.y
      value: -15.873492
      objectReference: {fileID: 0}
    - target: {fileID: -8679921383154817045, guid: 709a6ab9958ba2749830ed929a1ee76e,
        type: 3}
      propertyPath: m_LocalPosition.z
      value: 44.254974
      objectReference: {fileID: 0}
    - target: {fileID: -8679921383154817045, guid: 709a6ab9958ba2749830ed929a1ee76e,
        type: 3}
      propertyPath: m_LocalRotation.x
      value: -0
      objectReference: {fileID: 0}
    - target: {fileID: -8679921383154817045, guid: 709a6ab9958ba2749830ed929a1ee76e,
        type: 3}
      propertyPath: m_LocalRotation.y
      value: -0
      objectReference: {fileID: 0}
    - target: {fileID: -8679921383154817045, guid: 709a6ab9958ba2749830ed929a1ee76e,
        type: 3}
      propertyPath: m_LocalRotation.z
      value: -0
      objectReference: {fileID: 0}
    - target: {fileID: -8679921383154817045, guid: 709a6ab9958ba2749830ed929a1ee76e,
        type: 3}
      propertyPath: m_LocalRotation.w
      value: 1
      objectReference: {fileID: 0}
    - target: {fileID: -8679921383154817045, guid: 709a6ab9958ba2749830ed929a1ee76e,
        type: 3}
      propertyPath: m_RootOrder
      value: 1
      objectReference: {fileID: 0}
    - target: {fileID: -8679921383154817045, guid: 709a6ab9958ba2749830ed929a1ee76e,
        type: 3}
      propertyPath: m_LocalEulerAnglesHint.x
      value: 0
      objectReference: {fileID: 0}
    - target: {fileID: -8679921383154817045, guid: 709a6ab9958ba2749830ed929a1ee76e,
        type: 3}
      propertyPath: m_LocalEulerAnglesHint.y
      value: 0
      objectReference: {fileID: 0}
    - target: {fileID: -8679921383154817045, guid: 709a6ab9958ba2749830ed929a1ee76e,
        type: 3}
      propertyPath: m_LocalEulerAnglesHint.z
      value: 0
      objectReference: {fileID: 0}
    - target: {fileID: -4680370027393179820, guid: 709a6ab9958ba2749830ed929a1ee76e,
        type: 3}
      propertyPath: m_Materials.Array.data[0]
      value: 
      objectReference: {fileID: 2100000, guid: c296ed16277c91b49ba48eaeecb9175f, type: 2}
    - target: {fileID: 919132149155446097, guid: 709a6ab9958ba2749830ed929a1ee76e,
        type: 3}
      propertyPath: m_Name
      value: Wall (1)
      objectReference: {fileID: 0}
    - target: {fileID: 9159433631938471173, guid: 709a6ab9958ba2749830ed929a1ee76e,
        type: 3}
      propertyPath: m_Materials.Array.data[0]
      value: 
      objectReference: {fileID: 2100000, guid: c296ed16277c91b49ba48eaeecb9175f, type: 2}
    m_RemovedComponents: []
  m_SourcePrefab: {fileID: 100100000, guid: 709a6ab9958ba2749830ed929a1ee76e, type: 3}
--- !u!4 &5543913240630857015 stripped
Transform:
  m_CorrespondingSourceObject: {fileID: -8679921383154817045, guid: 709a6ab9958ba2749830ed929a1ee76e,
    type: 3}
  m_PrefabInstance: {fileID: 5432843931008002780}
  m_PrefabAsset: {fileID: 0}
--- !u!1001 &5432843931084668625
PrefabInstance:
  m_ObjectHideFlags: 0
  serializedVersion: 2
  m_Modification:
    m_TransformParent: {fileID: 5432843930196016857}
    m_Modifications:
    - target: {fileID: -8679921383154817045, guid: 709a6ab9958ba2749830ed929a1ee76e,
        type: 3}
      propertyPath: m_LocalPosition.x
      value: 34.918472
      objectReference: {fileID: 0}
    - target: {fileID: -8679921383154817045, guid: 709a6ab9958ba2749830ed929a1ee76e,
        type: 3}
      propertyPath: m_LocalPosition.y
      value: -15.370425
      objectReference: {fileID: 0}
    - target: {fileID: -8679921383154817045, guid: 709a6ab9958ba2749830ed929a1ee76e,
        type: 3}
      propertyPath: m_LocalPosition.z
      value: -44.429413
      objectReference: {fileID: 0}
    - target: {fileID: -8679921383154817045, guid: 709a6ab9958ba2749830ed929a1ee76e,
        type: 3}
      propertyPath: m_LocalRotation.x
      value: -0
      objectReference: {fileID: 0}
    - target: {fileID: -8679921383154817045, guid: 709a6ab9958ba2749830ed929a1ee76e,
        type: 3}
      propertyPath: m_LocalRotation.y
      value: 0.7071068
      objectReference: {fileID: 0}
    - target: {fileID: -8679921383154817045, guid: 709a6ab9958ba2749830ed929a1ee76e,
        type: 3}
      propertyPath: m_LocalRotation.z
      value: -0
      objectReference: {fileID: 0}
    - target: {fileID: -8679921383154817045, guid: 709a6ab9958ba2749830ed929a1ee76e,
        type: 3}
      propertyPath: m_LocalRotation.w
      value: 0.7071068
      objectReference: {fileID: 0}
    - target: {fileID: -8679921383154817045, guid: 709a6ab9958ba2749830ed929a1ee76e,
        type: 3}
      propertyPath: m_RootOrder
      value: 5
      objectReference: {fileID: 0}
    - target: {fileID: -8679921383154817045, guid: 709a6ab9958ba2749830ed929a1ee76e,
        type: 3}
      propertyPath: m_LocalEulerAnglesHint.x
      value: 0
      objectReference: {fileID: 0}
    - target: {fileID: -8679921383154817045, guid: 709a6ab9958ba2749830ed929a1ee76e,
        type: 3}
      propertyPath: m_LocalEulerAnglesHint.y
      value: 90
      objectReference: {fileID: 0}
    - target: {fileID: -8679921383154817045, guid: 709a6ab9958ba2749830ed929a1ee76e,
        type: 3}
      propertyPath: m_LocalEulerAnglesHint.z
      value: 0
      objectReference: {fileID: 0}
    - target: {fileID: -4680370027393179820, guid: 709a6ab9958ba2749830ed929a1ee76e,
        type: 3}
      propertyPath: m_Materials.Array.data[0]
      value: 
      objectReference: {fileID: 2100000, guid: c296ed16277c91b49ba48eaeecb9175f, type: 2}
    - target: {fileID: 919132149155446097, guid: 709a6ab9958ba2749830ed929a1ee76e,
        type: 3}
      propertyPath: m_Name
      value: Wall (13)
      objectReference: {fileID: 0}
    - target: {fileID: 9159433631938471173, guid: 709a6ab9958ba2749830ed929a1ee76e,
        type: 3}
      propertyPath: m_Materials.Array.data[0]
      value: 
      objectReference: {fileID: 2100000, guid: c296ed16277c91b49ba48eaeecb9175f, type: 2}
    m_RemovedComponents: []
  m_SourcePrefab: {fileID: 100100000, guid: 709a6ab9958ba2749830ed929a1ee76e, type: 3}
--- !u!4 &5543913240520382778 stripped
Transform:
  m_CorrespondingSourceObject: {fileID: -8679921383154817045, guid: 709a6ab9958ba2749830ed929a1ee76e,
    type: 3}
  m_PrefabInstance: {fileID: 5432843931084668625}
  m_PrefabAsset: {fileID: 0}
--- !u!1001 &5432843931480984992
PrefabInstance:
  m_ObjectHideFlags: 0
  serializedVersion: 2
  m_Modification:
    m_TransformParent: {fileID: 5432843930094423517}
    m_Modifications:
    - target: {fileID: -8679921383154817045, guid: 709a6ab9958ba2749830ed929a1ee76e,
        type: 3}
      propertyPath: m_LocalPosition.x
      value: -18.711525
      objectReference: {fileID: 0}
    - target: {fileID: -8679921383154817045, guid: 709a6ab9958ba2749830ed929a1ee76e,
        type: 3}
      propertyPath: m_LocalPosition.y
      value: -15.370425
      objectReference: {fileID: 0}
    - target: {fileID: -8679921383154817045, guid: 709a6ab9958ba2749830ed929a1ee76e,
        type: 3}
      propertyPath: m_LocalPosition.z
      value: -29.089413
      objectReference: {fileID: 0}
    - target: {fileID: -8679921383154817045, guid: 709a6ab9958ba2749830ed929a1ee76e,
        type: 3}
      propertyPath: m_LocalRotation.x
      value: -0
      objectReference: {fileID: 0}
    - target: {fileID: -8679921383154817045, guid: 709a6ab9958ba2749830ed929a1ee76e,
        type: 3}
      propertyPath: m_LocalRotation.y
      value: -0.7071068
      objectReference: {fileID: 0}
    - target: {fileID: -8679921383154817045, guid: 709a6ab9958ba2749830ed929a1ee76e,
        type: 3}
      propertyPath: m_LocalRotation.z
      value: -0
      objectReference: {fileID: 0}
    - target: {fileID: -8679921383154817045, guid: 709a6ab9958ba2749830ed929a1ee76e,
        type: 3}
      propertyPath: m_LocalRotation.w
      value: 0.7071068
      objectReference: {fileID: 0}
    - target: {fileID: -8679921383154817045, guid: 709a6ab9958ba2749830ed929a1ee76e,
        type: 3}
      propertyPath: m_RootOrder
      value: 4
      objectReference: {fileID: 0}
    - target: {fileID: -8679921383154817045, guid: 709a6ab9958ba2749830ed929a1ee76e,
        type: 3}
      propertyPath: m_LocalEulerAnglesHint.x
      value: 0
      objectReference: {fileID: 0}
    - target: {fileID: -8679921383154817045, guid: 709a6ab9958ba2749830ed929a1ee76e,
        type: 3}
      propertyPath: m_LocalEulerAnglesHint.y
      value: -90
      objectReference: {fileID: 0}
    - target: {fileID: -8679921383154817045, guid: 709a6ab9958ba2749830ed929a1ee76e,
        type: 3}
      propertyPath: m_LocalEulerAnglesHint.z
      value: 0
      objectReference: {fileID: 0}
    - target: {fileID: -4680370027393179820, guid: 709a6ab9958ba2749830ed929a1ee76e,
        type: 3}
      propertyPath: m_Materials.Array.data[0]
      value: 
      objectReference: {fileID: 2100000, guid: c296ed16277c91b49ba48eaeecb9175f, type: 2}
    - target: {fileID: 919132149155446097, guid: 709a6ab9958ba2749830ed929a1ee76e,
        type: 3}
      propertyPath: m_Name
      value: Wall (7)
      objectReference: {fileID: 0}
    - target: {fileID: 9159433631938471173, guid: 709a6ab9958ba2749830ed929a1ee76e,
        type: 3}
      propertyPath: m_Materials.Array.data[0]
      value: 
      objectReference: {fileID: 2100000, guid: c296ed16277c91b49ba48eaeecb9175f, type: 2}
    m_RemovedComponents: []
  m_SourcePrefab: {fileID: 100100000, guid: 709a6ab9958ba2749830ed929a1ee76e, type: 3}
--- !u!4 &5543913240115997259 stripped
Transform:
  m_CorrespondingSourceObject: {fileID: -8679921383154817045, guid: 709a6ab9958ba2749830ed929a1ee76e,
    type: 3}
  m_PrefabInstance: {fileID: 5432843931480984992}
  m_PrefabAsset: {fileID: 0}
--- !u!1001 &5432843931502885453
PrefabInstance:
  m_ObjectHideFlags: 0
  serializedVersion: 2
  m_Modification:
    m_TransformParent: {fileID: 5432843930094423517}
    m_Modifications:
    - target: {fileID: -8679921383154817045, guid: 709a6ab9958ba2749830ed929a1ee76e,
        type: 3}
      propertyPath: m_LocalPosition.x
      value: -18.711525
      objectReference: {fileID: 0}
    - target: {fileID: -8679921383154817045, guid: 709a6ab9958ba2749830ed929a1ee76e,
        type: 3}
      propertyPath: m_LocalPosition.y
      value: -15.370425
      objectReference: {fileID: 0}
    - target: {fileID: -8679921383154817045, guid: 709a6ab9958ba2749830ed929a1ee76e,
        type: 3}
      propertyPath: m_LocalPosition.z
      value: 24.55059
      objectReference: {fileID: 0}
    - target: {fileID: -8679921383154817045, guid: 709a6ab9958ba2749830ed929a1ee76e,
        type: 3}
      propertyPath: m_LocalRotation.x
      value: -0
      objectReference: {fileID: 0}
    - target: {fileID: -8679921383154817045, guid: 709a6ab9958ba2749830ed929a1ee76e,
        type: 3}
      propertyPath: m_LocalRotation.y
      value: -0.7071068
      objectReference: {fileID: 0}
    - target: {fileID: -8679921383154817045, guid: 709a6ab9958ba2749830ed929a1ee76e,
        type: 3}
      propertyPath: m_LocalRotation.z
      value: -0
      objectReference: {fileID: 0}
    - target: {fileID: -8679921383154817045, guid: 709a6ab9958ba2749830ed929a1ee76e,
        type: 3}
      propertyPath: m_LocalRotation.w
      value: 0.7071068
      objectReference: {fileID: 0}
    - target: {fileID: -8679921383154817045, guid: 709a6ab9958ba2749830ed929a1ee76e,
        type: 3}
      propertyPath: m_RootOrder
      value: 1
      objectReference: {fileID: 0}
    - target: {fileID: -8679921383154817045, guid: 709a6ab9958ba2749830ed929a1ee76e,
        type: 3}
      propertyPath: m_LocalEulerAnglesHint.x
      value: 0
      objectReference: {fileID: 0}
    - target: {fileID: -8679921383154817045, guid: 709a6ab9958ba2749830ed929a1ee76e,
        type: 3}
      propertyPath: m_LocalEulerAnglesHint.y
      value: -90
      objectReference: {fileID: 0}
    - target: {fileID: -8679921383154817045, guid: 709a6ab9958ba2749830ed929a1ee76e,
        type: 3}
      propertyPath: m_LocalEulerAnglesHint.z
      value: 0
      objectReference: {fileID: 0}
    - target: {fileID: -4680370027393179820, guid: 709a6ab9958ba2749830ed929a1ee76e,
        type: 3}
      propertyPath: m_Materials.Array.data[0]
      value: 
      objectReference: {fileID: 2100000, guid: c296ed16277c91b49ba48eaeecb9175f, type: 2}
    - target: {fileID: 919132149155446097, guid: 709a6ab9958ba2749830ed929a1ee76e,
        type: 3}
      propertyPath: m_Name
      value: Wall (4)
      objectReference: {fileID: 0}
    - target: {fileID: 9159433631938471173, guid: 709a6ab9958ba2749830ed929a1ee76e,
        type: 3}
      propertyPath: m_Materials.Array.data[0]
      value: 
      objectReference: {fileID: 2100000, guid: c296ed16277c91b49ba48eaeecb9175f, type: 2}
    m_RemovedComponents: []
  m_SourcePrefab: {fileID: 100100000, guid: 709a6ab9958ba2749830ed929a1ee76e, type: 3}
--- !u!4 &5543913240135785894 stripped
Transform:
  m_CorrespondingSourceObject: {fileID: -8679921383154817045, guid: 709a6ab9958ba2749830ed929a1ee76e,
    type: 3}
  m_PrefabInstance: {fileID: 5432843931502885453}
  m_PrefabAsset: {fileID: 0}
